%% This BibTeX bibliography file was created using BibDesk.
%% http://bibdesk.sourceforge.net/

%% Created for Marissa Borrego at 2018-10-07 17:01:22 -0700 


%% Saved with string encoding Unicode (UTF-8) 



@article{meaneya,
	Author = {Michael J. Meaney},
	Date-Added = {2018-10-07 16:28:24 -0700},
	Date-Modified = {2018-10-07 16:31:25 -0700},
	Journal = {Nature Neuroscience},
	Number = {8},
	Pages = {847 - 854},
	Title = {Epigenetic programming by maternal behavior},
	Volume = {7},
	Year = {2004},
	Bdsk-File-1 = {YnBsaXN0MDDUAQIDBAUGJCVYJHZlcnNpb25YJG9iamVjdHNZJGFyY2hpdmVyVCR0b3ASAAGGoKgHCBMUFRYaIVUkbnVsbNMJCgsMDxJXTlMua2V5c1pOUy5vYmplY3RzViRjbGFzc6INDoACgAOiEBGABIAFgAdccmVsYXRpdmVQYXRoWWFsaWFzRGF0YV8QJi4uL1BhcGVycy9NZWFuZXkvTWVhbmV5LCBiaWcgcGFwZXIucGRm0hcLGBlXTlMuZGF0YU8RAdQAAAAAAdQAAgAADE1hY2ludG9zaCBIRAAAAAAAAAAAAAAAAAAAANDnW7VIKwAAAQAMqBVNZWFuZXksIGJpZyBwYXBlci5wZGYAAAAAAAAAAAAAAAAAAAAAAAAAAAAAAAAAAAAAAAAAAAAAAAAAAAAAAAABAAwT19EFbQAAAAAAAAAAAAEAAwAACSAAAAAAAAAAAAAAAAAAAAAGTWVhbmV5ABAACAAA0OfMNQAAABEACAAA19Fn3QAAAAEAGAEADKgA/1vnAP9b5AAJPmAACT5PAAKUIwACAFZNYWNpbnRvc2ggSEQ6VXNlcnM6AG1hcmJvcnJlZ286AERlc2t0b3A6AFRoZXNpczoAUGFwZXJzOgBNZWFuZXk6AE1lYW5leSwgYmlnIHBhcGVyLnBkZgAOACwAFQBNAGUAYQBuAGUAeQAsACAAYgBpAGcAIABwAGEAcABlAHIALgBwAGQAZgAPABoADABNAGEAYwBpAG4AdABvAHMAaAAgAEgARAASAENVc2Vycy9tYXJib3JyZWdvL0Rlc2t0b3AvVGhlc2lzL1BhcGVycy9NZWFuZXkvTWVhbmV5LCBiaWcgcGFwZXIucGRmAAATAAEvAAAVAAIAEf//AACABtIbHB0eWiRjbGFzc25hbWVYJGNsYXNzZXNdTlNNdXRhYmxlRGF0YaMdHyBWTlNEYXRhWE5TT2JqZWN00hscIiNcTlNEaWN0aW9uYXJ5oiIgXxAPTlNLZXllZEFyY2hpdmVy0SYnVHJvb3SAAQAIABEAGgAjAC0AMgA3AEAARgBNAFUAYABnAGoAbABuAHEAcwB1AHcAhACOALcAvADEApwCngKjAq4CtwLFAskC0ALZAt4C6wLuAwADAwMIAAAAAAAAAgEAAAAAAAAAKAAAAAAAAAAAAAAAAAAAAwo=}}
