marborreg@C1MKT0YHDTY3.772